%Bibtex references

@misc{SQLinject,
author = {},
title = {Defending against SQL injection? · Issue \#57 · mapbox/node-sqlite3},
howpublished = {\url{https://github.com/mapbox/node-sqlite3/issues/57}},
month = {},
year = {},
note = {(Visited on 04/29/2015)}
}
@misc{smartFridge,
author = {},
title = {Buy Samsung RF858VALASL American Style Fridge Freezer, Stainless Steel | John Lewis},
howpublished = {\url{http://www.johnlewis.com/samsung-rf858valasl-american-style-fridge-freezer-stainless-steel/p935079?sku=232632529&kpid=232632529&s_kenid=13eaab25-fb0d-90e8-43ed-00002e306446&s_kwcid=402x27428&tmad=c&tmcampid=73&kpid=232632529}},
month = {},
year = {},
note = {(Visited on 05/01/2015)}
}
